%! Author = guilherme.oliveira
%! Date = 23/01/2023

